<?xml version="1.0" encoding="UTF-8"?><record xmlns="http://www.loc.gov/MARC21/slim" xmlns:cinclude="http://apache.org/cocoon/include/1.0" xmlns:zs="http://www.loc.gov/zing/srw/">
  <leader>00487nz  a2200145n  4500</leader>
  <controlfield tag="001">nb2008003913</controlfield>
  <controlfield tag="003">DLC</controlfield>
  <controlfield tag="005">20080220104358.0</controlfield>
  <controlfield tag="008">080218n| acannaabn          |a aaa      </controlfield>
  <datafield tag="010" ind1=" " ind2=" ">
    <subfield code="a">nb2008003913</subfield>
  </datafield>
  <datafield tag="035" ind1=" " ind2=" ">
    <subfield code="a">(Uk)007037315</subfield>
  </datafield>
  <datafield tag="040" ind1=" " ind2=" ">
    <subfield code="a">Uk</subfield>
    <subfield code="b">eng</subfield>
    <subfield code="c">Uk</subfield>
  </datafield>
  <datafield tag="100" ind1="1" ind2=" ">
    <subfield code="a">Wentworth-Sheilds, Wentworth Francis,</subfield>
    <subfield code="d">1867-1944</subfield>
  </datafield>
  <datafield tag="400" ind1="1" ind2=" ">
    <subfield code="a">Sheilds, Wentworth Francis Wentworth-,</subfield>
    <subfield code="d">1867-1944</subfield>
  </datafield>
  <datafield tag="670" ind1=" " ind2=" ">
    <subfield code="a">Wentworth Francis Wentworth-Sheilds, Bishop of Armidale, 1993:</subfield>
    <subfield code="b">p. 5 (b. 2 Apr. 1867, d. 12 Sept. 1944)</subfield>
  </datafield>
</record>